<?xml version="1.0" encoding="UTF-8"?>
<marc:record xmlns:marc="http://www.loc.gov/MARC21/slim" xmlns:xsi="http://www.w3.org/2001/XMLSchema-instance" xsi:schemaLocation="http://www.loc.gov/standards/marcxml/schema/MARC21slim.xsd">
  <marc:leader>00000ncc a2200000 u 4500</marc:leader>
  <marc:controlfield tag="001">990039322</marc:controlfield>
  <marc:controlfield tag="003">DE-633</marc:controlfield>
  <marc:controlfield tag="005">20181216091216.0</marc:controlfield>
  <marc:controlfield tag="008">161111##################################</marc:controlfield>
  <marc:datafield tag="035" ind1=" " ind2=" ">
    <marc:subfield code="a">M 579; MM 579</marc:subfield>
  </marc:datafield>
  <marc:datafield tag="040" ind1=" " ind2=" ">
    <marc:subfield code="a">DE-633</marc:subfield>
  </marc:datafield>
  <marc:datafield tag="100" ind1="1" ind2=" ">
    <marc:subfield code="a">Marenzio, Luca</marc:subfield>
    <marc:subfield code="d">1553c-1599</marc:subfield>
    <marc:subfield code="0">pe30003955</marc:subfield>
  </marc:datafield>
  <marc:datafield tag="240" ind1="1" ind2="0">
    <marc:subfield code="a">Madrigals</marc:subfield>
    <marc:subfield code="m">V (4)</marc:subfield>
    <marc:subfield code="0">3911206</marc:subfield>
  </marc:datafield>
  <marc:datafield tag="245" ind1="1" ind2="0">
    <marc:subfield code="a">... nuovamente ... ristampati, libro primo [Venezia, Ricciardo Amadino]</marc:subfield>
  </marc:datafield>
  <marc:datafield tag="260" ind1=" " ind2=" ">
    <marc:subfield code="a">Venezia</marc:subfield>
    <marc:subfield code="b">Ricciardo Amadino</marc:subfield>
    <marc:subfield code="c">1587</marc:subfield>
    <marc:subfield code="8">01</marc:subfield>
  </marc:datafield>
  <marc:datafield tag="300" ind1=" " ind2=" ">
    <marc:subfield code="a">part(s)</marc:subfield>
    <marc:subfield code="8">01</marc:subfield>
    <marc:subfield code="3"/>
  </marc:datafield>
  <marc:datafield tag="510" ind1="2" ind2=" ">
    <marc:subfield code="a">RISM A/I</marc:subfield>
    <marc:subfield code="c">M 579; MM 579</marc:subfield>
  </marc:datafield>
  <marc:datafield tag="593" ind1=" " ind2=" ">
    <marc:subfield code="a">Print</marc:subfield>
    <marc:subfield code="8">01</marc:subfield>
  </marc:datafield>
  <marc:datafield tag="594" ind1=" " ind2=" ">
    <marc:subfield code="b">S</marc:subfield>
    <marc:subfield code="c">1</marc:subfield>
  </marc:datafield>
  <marc:datafield tag="594" ind1=" " ind2=" ">
    <marc:subfield code="b">A</marc:subfield>
    <marc:subfield code="c">1</marc:subfield>
  </marc:datafield>
  <marc:datafield tag="594" ind1=" " ind2=" ">
    <marc:subfield code="b">T</marc:subfield>
    <marc:subfield code="c">1</marc:subfield>
  </marc:datafield>
  <marc:datafield tag="594" ind1=" " ind2=" ">
    <marc:subfield code="b">B</marc:subfield>
    <marc:subfield code="c">1</marc:subfield>
  </marc:datafield>
  <marc:datafield tag="594" ind1=" " ind2=" ">
    <marc:subfield code="a">S, A, T, B</marc:subfield>
  </marc:datafield>
  <marc:datafield tag="599" ind1=" " ind2=" ">
    <marc:subfield code="b">full</marc:subfield>
  </marc:datafield>
  <marc:datafield tag="650" ind1="0" ind2="7">
    <marc:subfield code="a">Madrigals</marc:subfield>
    <marc:subfield code="0">25257</marc:subfield>
  </marc:datafield>
  <marc:datafield tag="710" ind1="2" ind2=" ">
    <marc:subfield code="a">Amadino, Ricciardo</marc:subfield>
    <marc:subfield code="0">ks40000302</marc:subfield>
    <marc:subfield code="4">pbl</marc:subfield>
    <marc:subfield code="3"/>
  </marc:datafield>
  <marc:datafield tag="775" ind1=" " ind2=" ">
    <marc:subfield code="w">990039321</marc:subfield>
  </marc:datafield>
  <marc:datafield tag="852" ind1="1" ind2="0">
    <marc:subfield code="a">B-Br</marc:subfield>
    <marc:subfield code="e">Bibliothèque royale de Belgique (KBR)</marc:subfield>
    <marc:subfield code="x">ks30000440</marc:subfield>
    <marc:subfield code="3">151394</marc:subfield>
    <marc:subfield code="c">[no indication]</marc:subfield>
    <marc:subfield code="p"/>
    <marc:subfield code="q">B</marc:subfield>
    <marc:subfield code="u"/>
    <marc:subfield code="z"/>
  </marc:datafield>
  <marc:datafield tag="852" ind1="1" ind2="0">
    <marc:subfield code="a">D-Rp</marc:subfield>
    <marc:subfield code="e">Bischöfliche Zentralbibliothek, Proskesche Musikabteilung</marc:subfield>
    <marc:subfield code="x">ks30000970</marc:subfield>
    <marc:subfield code="3">151395</marc:subfield>
    <marc:subfield code="c">[no indication]</marc:subfield>
    <marc:subfield code="p"/>
    <marc:subfield code="q">kpl.: S, A, T, B</marc:subfield>
    <marc:subfield code="u"/>
    <marc:subfield code="z"/>
  </marc:datafield>
  <marc:datafield tag="852" ind1="1" ind2="0">
    <marc:subfield code="a">GB-Lbl</marc:subfield>
    <marc:subfield code="e">The British Library</marc:subfield>
    <marc:subfield code="x">ks30001581</marc:subfield>
    <marc:subfield code="3">151396</marc:subfield>
    <marc:subfield code="c">[no indication]</marc:subfield>
    <marc:subfield code="p"/>
    <marc:subfield code="q">S</marc:subfield>
    <marc:subfield code="u"/>
    <marc:subfield code="z"/>
  </marc:datafield>
  <marc:datafield tag="852" ind1="1" ind2="0">
    <marc:subfield code="a">GB-Och</marc:subfield>
    <marc:subfield code="e">Christ Church Library &amp; Archives</marc:subfield>
    <marc:subfield code="x">ks30001631</marc:subfield>
    <marc:subfield code="3">151397</marc:subfield>
    <marc:subfield code="c">[no indication]</marc:subfield>
    <marc:subfield code="p"/>
    <marc:subfield code="q"/>
    <marc:subfield code="u"/>
    <marc:subfield code="z"/>
  </marc:datafield>
  <marc:datafield tag="852" ind1=" " ind2=" ">
    <marc:subfield code="a">PL-GD</marc:subfield>
    <marc:subfield code="e">Polska Akademia Nauk Biblioteka Gdańska</marc:subfield>
    <marc:subfield code="x">ks30002071</marc:subfield>
    <marc:subfield code="3">151398</marc:subfield>
    <marc:subfield code="c">Ee 1638 8º adl. 3</marc:subfield>
    <marc:subfield code="p"/>
    <marc:subfield code="q">kpl: S, A, T, B</marc:subfield>
    <marc:subfield code="u"/>
    <marc:subfield code="z"/>
  </marc:datafield>
  <marc:datafield tag="973" ind1=" " ind2=" ">
    <marc:subfield code="u">1001202747</marc:subfield>
    <marc:subfield code="3">151398</marc:subfield>
  </marc:datafield>
</marc:record>
